
@image{wiki:hash,
	title = {Cryptographic hash function - Wikipedia},
	note= {Findes på \url{https://en.wikipedia.org/w/index.php?title=Cryptographic_hash_function#/media/File:Cryptographic_Hash_Function.svg}},
	date = {2022-10-11},
	year = {2022},
	langid = {english},
	key = {Wikipedia}
}


@image{wiki:avalance,
	title = {Avalanche effect - Wikipedia},
	note= {Findes på \url{https://en.wikipedia.org/wiki/Avalanche_effect#/media/File:Avalanche_effect.svg}},
	date = {2022-10-11},
	year = {2022},
	langid = {english},
	key = {Wikipedia}
}


@online{Okta,
	title = {Hashing Algorithm Overview: Types, Methodologies \& Usage {\textbar} Okta},
	year = {2022},
	shorttitle = {Hashing Algorithm Overview},
	urldate = {2022-10-12},
	langid = {english},
	note = {Findes på \url{https://www.okta.com/identity-101/hashing-algorithms/}},
	key = {Okta}
}

@article{al-kuwari_cryptographic_nodate,
	title = {Cryptographic Hash Functions: Recent Design Trends and Security Notions},
	pages = {37},
	author = {Al-Kuwari, Saif and Davenport, James H and Bradford, Russell J},
	langid = {english},
	year = {2011},
	note = {Findes på \url{https://eprint.iacr.org/2011/565.pdf}}

}

@online{techiedip_what_2012,
	title = {What is the use of file hash on a download page},
	author = {{TechieDip}},
	urldate = {2022-11-21},
	date = {2012-09-29},
	langid = {american},
	year = {2012},
	note = {Findes på \url{https://7labs.io/tips-tricks/what-is-the-use-of-file-hash-on-a-download-page.html},}

}

@online{lake_what_2021,
	title = {What is {MD}5 and how is it used?},
	author = {Lake, Josh},
	urldate = {2022-11-09},
	date = {2021-08-20},
	langid = {american},
	year = {2021},
	note = {Kan findes på \url{https://www.comparitech.com/blog/information-security/what-is-md5/}}
}

@online{lake_md5_2021,
	title = {The {MD}5 algorithm (with examples)},
	titleaddon = {Comparitech},
	author = {Lake, Josh},
	urldate = {2022-11-09},
	date = {2021-08-20},
	langid = {american},
	year = {2021}, 
	note = {Findes på \url{https://www.comparitech.com/blog/information-security/md5-algorithm-with-examples/}}
}

@techreport{sagar_cryptographic_nodate,
	title = {Cryptographic Hashing Functions - {MD}5},
	pages = {9},
	author = {Sagar, Farhad Ahmed},
	langid = {english},
	year = {2016}, 
	note = {Findes på \url{https://cs.indstate.edu/~fsagar/doc/paper.pdf}}
}

@report{rivest_md5_1992,
	title = {The {MD}5 Message-Digest Algorithm},
	number = {{RFC} 1321},
	institution = {Internet Engineering Task Force},
	type = {Request for Comments},
	author = {Rivest, Ronald L.},
	urldate = {2022-11-09},
	date = {1992-04-01},
	doi = {10.17487/RFC1321},
	note = {Num Pages: 21},
	year = {1992}, 
	note = {Findes på \url{https://datatracker.ietf.org/doc/rfc1321}}
}
@techreport{ntantogian_evaluation_2019,
	title = {Evaluation of password hashing schemes in open source web platforms},
	note = {Findes på \url{https://linkinghub.elsevier.com/retrieve/pii/S0167404818308332}},
	author = {Ntantogian, Christoforos and Malliaros, Stefanos and Xenakis, Christos},
	key = {University of Piraeus},
	urldate = {2022-11-21},
	date = {2019-07},
	year = {2019}
}

@online{noauthor_adding_nodate,
	title = {Adding Salt to Hashing: A Better Way to Store Passwords},
	url = {https://auth0.com/blog/adding-salt-to-hashing-a-better-way-to-store-passwords/},
	shorttitle = {Adding Salt to Hashing},
	titleaddon = {Auth0 - Blog},
	urldate = {2022-11-21},
	langid = {english},
	year = {2021},
	author = {Dan Arias},
	note = {Findes på \url{https://auth0.com/blog/adding-salt-to-hashing-a-better-way-to-store-passwords/}}
}

@online{noauthor_composr_nodate,
	title = {Composr Blog},
	titleaddon = {Composr {CMS}},
	author = {Chris Graham},
	urldate = {2022-11-21},
	langid = {english},
	year = {2019}, 
	note = {Findes på \url{https://compo.sr/forum/topicview/browse/developing/composr-mentioned-in.htm?topic_id=1391&timestamp=1560877425}}
}

@online{noauthor_yahoo_nodate,
	title = {Yahoo Security Notice December 14, 2016},
	urldate = {2022-11-22},
	author = {Yahoo}, 
	year = {2016}, 
	note = {Findes på \url{http://help.yahoo.com/kb/SLN27925.html}}
}

@misc{wiki:circular,
	title = {Circular shift - wikipedia },
	language = {en},
	urldate = {2022-11-23},
	journal = {Wikipedia},
	month = jul,
	year = {2022},
	note = {Findes på \url{https://en.wikipedia.org/w/index.php?title=Circular_shift&oldid=1097704642}},
	key = {Wikipedia}
}

@online{noauthor_collisions_nodate,
	title = {On Collisions for {MD}5 - M.M.J. Stevens.pdf},
	urldate = {2022-11-25},
	year = {2007},
	author = {M.M.J. Stevens},
	note = {Kan findes på \url{https://www.win.tue.nl/hashclash/On%20Collisions%20for%20MD5%20-%20M.M.J.%20Stevens.pdf}}

}

@misc{noauthor_random_nodate,
	title = {random — {Generate} pseudo-random numbers — {Python} 3.11.0 documentation},
	urldate = {2022-12-04},
	year = {2022}, 
	author = {Python},
	note = {Kan findes på \url{https://docs.python.org/3/library/random.html}}
}
@techreport{turan_recommendation_2010,
	address = {Gaithersburg, MD},
	title = {Recommendation for password-based key derivation :: part 1: storage applications},
	shorttitle = {Recommendation for password-based key derivation},
    note = {Kan findes på \url{https://nvlpubs.nist.gov/nistpubs/Legacy/SP/nistspecialpublication800-132.pdf}},
	language = {en},
	number = {NIST SP 800-132},
	urldate = {2022-12-04},
	institution = {National Institute of Standards and Technology},
	author = {Turan, M S and Barker, E B and Burr, W E and Chen, L},
	year = {2010},
	
}

@misc{noauthor_django_2022,
	title = {Django},
	copyright = {BSD-3-Clause},
	abstract = {The Web framework for perfectionists with deadlines.},
	urldate = {2022-12-04},
	author = {Django},
	month = dec,
	year = {2022},
	note = {Kan findes på \url{https://github.com/django/django/blob/3b79dab19a2300a4884a3d81baa6c7c1f2dee059/django/utils/crypto.py}},
}


@misc{noauthor_django_2022-2,
	title = {Django},
	copyright = {BSD-3-Clause},
	abstract = {The Web framework for perfectionists with deadlines.},
	urldate = {2022-12-04},
	author = {Django},
	month = dec,
	year = {2022},
	note = {Kan findes på \url{https://github.com/django/django/blob/3b79dab19a2300a4884a3d81baa6c7c1f2dee059/django/contrib/auth/hashers.py}},
}
@misc{noauthor_hash_2022,
	title = {Hash collisions and exploitations},
	abstract = {Hash collisions and exploitations},
	urldate = {2022-12-05},
	publisher = {Corkami},
	author  = {Ange Albertini},
	month = dec,
	year = {2022},
	note = {Kan findes på \url{https://github.com/corkami/collisions}},
	keywords = {collisions, exploitation, hash, md5, scripts, sha1},
}
@misc{noauthor_hash_2022-1,
	title = {Hash collisions and exploitations},

	abstract = {Hash collisions and exploitations},
	urldate = {2022-12-05},
	publisher = {Corkami},
	author  = {Ange Albertini},
	month = dec,
	year = {2022},
	note = {Kan findes på \url{https://github.com/corkami/collisions/blob/568baeb38417f4a5663115b6ca7de5ac52424967/scripts/pngStd.py}},
}

@misc{noauthor_django_nodate,
	title = {Django introduction MDN},
	urldate = {2022-12-05},
	year = {2022},
	note = {Kan findes på \url{https://developer.mozilla.org/en-US/docs/Learn/Server-side/Django/Introduction}}, 
	key = {Django}
}
